%% This BibTeX bibliography file was created using BibDesk.
%% http://bibdesk.sourceforge.net/


%% Created for Juan Manuel Solano at 2014-01-08 23:22:32 -0500 


%% Saved with string encoding Unicode (UTF-8) 



@book{bib:bader1990book,
   author = {Richard F. W. Bader},
   publisher = {Clarendon Press},
   title = {Atoms in Molecules: A Quantum Theory},
   year = {1990}
}
@article{bib:becke1990,
   author = {A. D. Becke and K. E. Edgecombe},
   journal = {Jour. Chem. Phys.},
   pages = {5397-5403},
   title = {A simple measure of electron localization in atomic and molecular systems},
   volume = {92},
   year = {1990}
}
@misc{bib:webwfxformat,
   author = {Todd A. Keith},
   howpublished = {\url{http://aim.tkgristmill.com/wfxformat.html}},
   title = {wfx format specification},
   url = {http://aim.tkgristmill.com/wfxformat.html},
   year = {2010},
}
@misc{bib:gaussian09,
   author = {M. J. Frisch and G. W. Trucks and H. B. Schlegel and G. E. Scuseria and M. A. Robb and J. R. Cheeseman and G. Scalmani and V. Barone and B. Mennucci and G. A. Petersson and H. Nakatsuji and M. Caricato and X. Li and H. P. Hratchian and A. F. Izmaylov and J. Bloino and G. Zheng and J. L. Sonnenberg and M. Hada and M. Ehara and K. Toyota and R. Fukuda and J. Hasegawa and M. Ishida and T. Nakajima and Y. Honda and O. Kitao and H. Nakai and T. Vreven and Montgomery, {Jr.}, J. A. and J. E. Peralta and F. Ogliaro and M. Bearpark and J. J. Heyd and E. Brothers and K. N. Kudin and V. N. Staroverov and R. Kobayashi and J. Normand and K. Raghavachari and A. Rendell and J. C. Burant and S. S. Iyengar and J. Tomasi and M. Cossi and N. Rega and J. M. Millam and M. Klene and J. E. Knox and J. B. Cross and V. Bakken and C. Adamo and J. Jaramillo and R. Gomperts and R. E. Stratmann and O. Yazyev and A. J. Austin and R. Cammi and C. Pomelli and J. W. Ochterski and R. L. Martin and K. Morokuma and V. G. Zakrzewski and G. A. Voth and P. Salvador and J. J. Dannenberg and S. Dapprich and A. D. Daniels and {\"O}. Farkas and J. B. Foresman and J. V. Ortiz and J. Cioslowski and D. J. Fox},
   Note = {Gaussian Inc. Wallingford CT 2009},
   title = {Gaussian~09 {R}evision {D}.01}
}
@article{bib:gamess,
   author = {M.W.Schmidt and K.K.Baldridge and J.A.Boatz and S.T.Elbert and
      M.S.Gordon and J.J.Jensen and S.Koseki and N.Matsunaga and K.A.Nguyen
         and S.Su and T.L.Windus and M.Dupuis and J.A.Montgomery},
   title = {General atomic and molecular electronic structure system},
   comment = {The GAMESS program},
   journal = {J.~Comput.~Chem.},
   pages = {1347--1363},
   volume = {14},
   number = {11},
   year = {1993},
   doi = {https://doi.org/10.1002/jcc.540141112},
}
@article{bib:nwchem,
   author = {M. Valiev and E.J. Bylaska and N. Govind and K. Kowalski
      and T.P. Straatsma and H.J.J. Van Dam and D. Wang and J. Nieplocha
         and E. Apra and T.L. Windus and W.A. de Jong},
   doi = {http://dx.doi.org/10.1016/j.cpc.2010.04.018},
   issn = {0010-4655},
   journal = {Computer Physics Communications},
   keywords = {Plane wave methods},
   number = {9},
   pages = {1477 - 1489},
   title = {NWChem: A comprehensive and scalable open-source solution for large scale molecular simulations},
   volume = {181},
   year = {2010},
}
@article{bib:mcmurchie1978,
   author = {Larry E McMurchie and Ernest R Davidson},
   doi = {http://dx.doi.org/10.1016/0021-9991(78)90092-X},
   issn = {0021-9991},
   journal = {Journal of Computational Physics},
   number = {2},
   pages = {218 - 231},
   title = {One- and two-electron integrals over cartesian gaussian functions},
   volume = {26},
   year = {1978},
}
@incollection{bib:kaijser1977,
   author = {Per Kaijser and Vedene H. Smith Jr.},
   title = {Evaluation of Momentum Distributions and Compton Profiles for Atomic and Molecular Systems},
   booktitle = {Advances in Quantum Chemistry},
   doi = {http://dx.doi.org/10.1016/S0065-3276(08)60578-X},
   editor = {Per-Olov L{\"o}wdin},
   issn = {0065-3276},
   pages = {37 - 76},
   publisher = {Academic Press},
   series = {Advances in Quantum Chemistry},
   volume = {10},
   year = {1977},
}
@article{bib:popelier1994,
   author = {P.L.A. Popelier},
   doi = {http://dx.doi.org/10.1016/0009-2614(94)00897-3},
   issn = {0009-2614},
   journal = {Chemical Physics Letters},
   number = {1--3},
   pages = {160 - 164},
   title = {A robust algorithm to locate automatically all types of critical points in the charge density and its Laplacian},
   volume = {228},
   year = {1994},
}
@article{bib:banerjee1985,
   author = {Ajit Banerjee and Noah Adams and Jack Simons and Ron Shepard},
   doi = {10.1021/j100247a015},
   eprint = {http://pubs.acs.org/doi/pdf/10.1021/j100247a015},
   journal = {The Journal of Physical Chemistry},
   number = {1},
   pages = {52-57},
   title = {Search for stationary points on surfaces},
   volume = {89},
   year = {1985},
}
@article{bib:espinosa1998,
   author = {E. Espinosa and E. Molins and C. Lecomte},
   title = {Hydrogen bond strengths revealed by topological analyses of experimentally observed electron densities },
   journal = {Chemical Physics Letters},
   volume = {285},
   number = {3--4},
   pages = {170 -- 173},
   year = {1998},
   issn = {0009-2614},
   doi = {http://dx.doi.org/10.1016/S0009-2614(98)00036-0},
}
@article{bib:contreras2011,
   author = {J. Contreras-Garc\'{\i}a and E. R. Johnson and S. Keinan and R. Chaudret and J. P. Piquemal and D. N. Beratan and W. Yang},
   title = {NCIPLOT: A Program for Plotting Noncovalent Interaction Regions},
   journal = {Journal of Chemical Theory and Computation},
   volume = {7},
   number = {3},
   pages = {625-632},
   year = {2011},
   doi = {10.1021/ct100641a},
   note ={PMID: 21516178}
}
@article {bib:bohorquez2010a,
   author = {H. J. Boh\'orquez and C. F. Matta and R. J. Boyd},
   title = {The localized electrons detector as an ab initio representation of molecular structures},
   journal = {International Journal of Quantum Chemistry},
   volume = {110},
   number = {13},
   issn = {1097-461X},
   doi = {10.1002/qua.22662},
   pages = {2418--2425},
   year = {2010},
}
@article{bib:johnson2010,
   author = {E. R. Johnson and S. Keinan and P. Mori-S\'anchez and J. Contreras-Garc\'{\i}a and A. J. Cohen and W. Yang},
   title = {Revealing Noncovalent Interactions},
   journal = {Journal of the American Chemical Society},
   volume = {132},
   number = {18},
   pages = {6498--6506},
   year = {2010},
   doi = {10.1021/ja100936w},
}
@article{bib:cheeseman1988,
   author = {J.R. Cheeseman and M.T. Carroll and R.F.W. Bader},
   title = {The mechanics of hydrogen bond formation in conjugated systems},
   journal = {Chemical Physics Letters},
   volume = {143},
   number = {5},
   pages = {450 - 458},
   year = {1988},
   issn = {0009-2614},
   doi = {https://doi.org/10.1016/0009-2614(88)87394-9},
}
@article{bib:tafipolsky2002,
   author = {Tafipolsky, Maxim and Scherer, Wolfgang and {\"O}fele, Karl
      and Artus, Georg and Pedersen, Bj{\o}rn and Herrmann, Wolfgang A.
      and McGrady, G. Sean},
   title = {Electron Delocalization in Acyclic and N-Heterocyclic Carbenes and Their Complexes:
      A Combined Experimental and Theoretical Charge-Density Study},
   journal = {Journal of the American Chemical Society},
   volume = {124},
   number = {20},
   pages = {5865-5880},
   year = {2002},
   doi = {10.1021/ja011761k},
   note = {PMID: 12010062},
   eprint = {https://doi.org/10.1021/ja011761k},
}
@misc{bib:molden2aim,
   author = {Wenli Zou},
   howpublished = {\url{https://github.com/zorkzou}},
   title = {Molden2Aim},
   url = {https://github.com/zorkzou},
   year = {2015},
}
@book{bib:parr1989,
   author = {Parr, R. G. and Yang, W.},
   title = {Density-functional theory of atoms and molecules},
   publisher = {Oxford University Press},
   year = {1989},
}
@inbook{bib:andresbeltran2000,
   author = {Juan Andr\'es and Juan {Beltr\'an (Eds.)}},
   title = {Qu\'{\i}mica te\'orica y computacional},
   chapter = {2},
   publisher = {Publicacions de la Universitat Jaume I},
   year = {2000},
}
@article{bib:jacobsen2013,
   author = {Heiko Jacobsen},
   title = {Bond descriptors based on kinetic energy densities reveal regions
      of slow electrons -- Another look at aromaticity},
   journal = {Chemical Physics Letters},
   volume = {582},
   pages = {144--147},
   year = {2013},
   issn = {0009-2614},
   doi = {https://doi.org/10.1016/j.cplett.2013.07.027},
}
